%% This BibTeX bibliography file was created using BibDesk.
%% http://bibdesk.sourceforge.net/


%% Created for Vittorio Morganti at 2016-01-20 22:32:13 +0100 


%% Saved with string encoding Unicode (UTF-8) 



@webpage{web-service,
	Author = {Chris Bell (Doogal)},
	Date-Added = {2016-01-20 21:09:37 +0000},
	Date-Modified = {2016-01-20 21:32:08 +0000},
	Title = {Route Elevation},
	Url = {http://www.doogal.co.uk/RouteElevation.php},
	Urldate = {2015},
	Year = {2015},
	Bdsk-Url-1 = {http://www.doogal.co.uk/RouteElevation.php}}

@article{trucks-pollution,
	Author = {Union of Concerned Scientists},
	Date-Added = {2016-01-20 15:36:11 +0000},
	Date-Modified = {2016-01-20 15:37:01 +0000},
	Journal = {Union of Concerned Scientists},
	Title = {Cars, Trucks, and Air Pollution}}

@article{effects-of-pollution,
	Author = {Krzyzanowski M, Kuna-Dibbert B, Schneider J},
	Date-Added = {2016-01-20 15:33:37 +0000},
	Date-Modified = {2016-01-20 15:34:42 +0000},
	Title = {Health effects of transport-related air pollution}}

@article{Laporte11,
	Author = {Bekta{\c{s}}, Tolga and Laporte, Gilbert},
	Journal = {Transportation Research Part B: Methodological},
	Number = {8},
	Pages = {1232--1250},
	Publisher = {Elsevier},
	Title = {The pollution-routing problem},
	Volume = {45},
	Year = {2011}}

@article{moore2015temperature,
	Author = {Moore, Frances C and Diaz, Delavane B},
	Journal = {Nature Climate Change},
	Publisher = {Nature Publishing Group},
	Title = {Temperature impacts on economic growth warrant stringent mitigation policy},
	Year = {2015}}
